@Misc{fiware2024,
  author       = {FIWARE Foundation},
  howpublished = {\url{https://www.fiware.org}},
  note         = {Consultado el 15 de junio de 2024},
  title        = {FIWARE: Una plataforma impulsada por la Uni√≥n Europea para el desarrollo y despliegue global de aplicaciones de Internet del Futuro},
  year         = {2024},
}

@Misc{etsi2024,
  author       = {European Telecommunications Standards Institute (ETSI)},
  howpublished = {\url{https://www.etsi.org/technologies/ngsi-ld}},
  note         = {Consultado el 15 de junio de 2024},
  title        = {NGSI-LD Information Model and API},
  year         = {2024},
}

@Misc{orion2024,
  author       = {FIWARE Foundation},
  howpublished = {\url{https://fiware-orion.readthedocs.io}},
  note         = {Consultado el 15 de junio de 2024},
  title        = {Orion Context Broker Documentation},
  year         = {2024},
}

@book{koza92,
		author    = "Koza, John R.",
		title     = "Genetic Programming: On the Programming of Computers by Means of Natural Selection",
		publisher = "MIT Press",
		year      = "1992"
}


@misc{ wiki:latex,
       author = "Wikipedia",
       title = "LaTeX --- Wikipedia{,} La enciclopedia libre",
       year = "2015",
       howpublished = {\url{https://es.wikipedia.org/w/index.php?title=LaTeX&oldid=84209252}},
       note = "[Internet; descargado 30-septiembre-2015]"
}


@article{bortolot2005,
  title={Estimating forest biomass using small footprint LiDAR data: An individual tree-based approach that incorporates training data},
  author={Bortolot, Zachary J and Wynne, Randolph H},
  journal={ISPRS Journal of Photogrammetry and Remote Sensing},
  volume={59},
  number={6},
  pages={342--360},
  year={2005},
  publisher={Elsevier}
}

@Comment{jabref-meta: databaseType:bibtex;}
