@lawspain{ley-transparencia,
  title = {Ley 19/2013, de 9 de diciembre, de transparencia, acceso a la información pública y buen gobierno},
  year = {2013},
  author = {{Boletín Oficial del Estado}},
  note = {BOE núm. 295, de 10 de diciembre de 2013},
  url = {https://www.boe.es/buscar/doc.php?id=BOE-A-2013-12887}
}

@misc{ogl-es,
  title = {Open Government License - España},
  url = {http://datos.gob.es/recurso/licencia/abierta/OGD-ES}
}

@lawspain{lopdgdd,
  title = {Ley Orgánica 3/2018, de 5 de diciembre, de Protección de Datos Personales y garantía de los derechos digitales},
  year = {2018},
  author = {{Boletín Oficial del Estado}},
  note = {BOE núm. 294, de 6 de diciembre de 2018},
  url = {https://www.boe.es/buscar/doc.php?id=BOE-A-2018-16673}
}

@lawspain{lpi,
  title = {Ley de Propiedad Intelectual},
  year = {1996},
  author = {{Boletín Oficial del Estado}},
  note = {BOE núm. 97, de 22 de abril de 1996},
  url = {https://www.boe.es/buscar/doc.php?id=BOE-A-1996-8930}
}
@article{Codd1970,
    author = {Edgar F. Codd},
    title = {A Relational Model of Data for Large Shared Data Banks},
    journal = {Communications of the ACM},
    volume = {13},
    number = {6},
    year = {1970},
    pages = {377--387},
    note = {Disponible en \url{http://www.seas.upenn.edu/~zives/03f/cis550/codd.pdf}}
}

@article{Chen1976,
    author = {Peter Pin-Shan Chen},
    title = {The entity-relationship model—toward a unified view of data},
    journal = {ACM Transactions on Database Systems (TODS)},
    volume = {1},
    number = {1},
    year = {1976},
    pages = {9--36},
    doi = {10.1145/320434.320440}
}

@article{Kent1983,
    author = {William Kent},
    title = {A Simple Guide to Five Normal Forms in Relational Database Theory},
    journal = {Communications of the ACM},
    volume = {26},
    number = {2},
    year = {1983},
    pages = {120--125},
    doi = {10.1145/358024.358055}
}

@book{Booch1998,
    author    = {Grady Booch and James Rumbaugh and Ivar Jacobson},
    title     = {The Unified Modeling Language User Guide},
    publisher = {Addison-Wesley},
    year      = {1998}
}